% !TeX encoding = UTF-8
% !TeX root = MAIN.tex

@book{Tischendorf2005Topological,
	author = {Tischendorf, Caren},
	title = {Topological index calculation of DAEs in circuit simulation},
	publisher = {Humboldt-Universität zu Berlin, Mathematisch-Naturwissenschaftliche Fakultät II, Institut für Mathematik},
	year = {2005},
	doi = {http://dx.doi.org/10.18452/2717},
}

@book{ModellingAndDiscretizationOfCircuitProblems,
	title = {Modelling and discretization of circuit problems},
	author = {M. G{\"u}nther and U. Feldmann and {Maten, ter}, E.J.W.},
	year = {2005},
	language ={English},
	series = {CASA-report},
	publisher = {Technische Universiteit Eindhoven},
}

@Book{NumerikGewöhnlicherDifferentialgleichungen,
	title       = {Numerik gewöhnlicher Differentialgleichungen - Nichtsteife, steife und differential-algebraische Gleichungen},
	publisher   = {Vieweg+Teubner Verlag Wiesbaden},
	year        = {2012},
	author      = {Karl Strehmel, Rüdiger Weiner, Helmut Podhaisky},
	doi         = {https://doi.org/10.1007/978-3-8348-2263-5},
}


@book{DesoerCharlesA1969Bct,
publisher = {McGraw-Hill Kogakusha},
isbn = {0070851832},
year = {1969},
title = {Basic circuit theory},
edition = {Internat. student ed.},
language = {eng},
author = {Desoer, Charles A},
keywords = {Schaltungstheorie},
}

@Misc{key1,
	title       = {},
	author      = {},
	howpublished= {},
	month       = {},
	year        = {},
	note        = {},
}

@Book{key2,
	title       = {},
	publisher   = {},
	year        = {},
	author      = {},
	address     = {},
	edition     = {},
}

@Booklet{key3,
	author      = {},
	title       = {},
	howpublished= {},
	month       = {},
	year        = {},
}

@online{key4,
	title       = {},
	date        = {},
	url         = {},
	urldate     = {},
}